@inproceedings{EDA_future_spirakis_03,
 author = {Greg Spirakis},
 title = {{Leading-edge and future design challenges - is the classical EDA ready?}},
 booktitle = {Proceedings of the 40th Conference on Design Automation},
 year = {2003},
 isbn = {1-58113-688-9},
 pages = {416--416},
 location = {Anaheim, CA, USA},
 publisher = {ACM Press},
 }

@InProceedings{AHIR_sameerds_hakim_2007,
author = {Sameer D. Sahasrabuddhe and Hakim Raja and Kavi Arya and Madhav P. Desai},
title = {{AHIR: A Hardware Intermediate Representation for Hardware Generation from High-level Programs}},
booktitle = {{20th International Conference on VLSI Design}},
year = 2007,
pages = {245-250},
month = {January}
}

@InProceedings{BNG_Bergamaschi_02,
  author = 	 {Bergamaschi, R.A.},
  title = 	 {{Bridging the domains of high-level and logic synthesis}},
  booktitle = 	 {IEEE Transactions on Computer-Aided Design of Integrated Circuits and Systems},
  pages =	 {582--596},
  year =	 2002,
  volume =	 21
}

@InProceedings{highlevel_mcfarland_90,
  author = 	 {Michael C. McFarland and Alice C. Parker and Raul Camposano},
  title = 	 {{The High-level Synthesis of Digital Systems}},
  booktitle = 	 {Proceedings of the IEEE},
  pages =	 {301--318},
  year =	 1990,
  volume =	 78,
  number =	 2,
  month =	 {Feb}
}

@InProceedings{industry_macmillen_00,
  author = 	 {MacMillen, D. and Camposano, R. and Hill, D. and Williams, T.W.},
  title = 	 {{An Industrial View of Electronic Design Automation}},
  booktitle = 	 {IEEE Transactions on Computer-Aided Design of Integrated Circuits and Systems},
  pages =	 {1428--1448},
  year =	 {2000},
  volume =	 {19},
  number =	 {12},
  month =        {Dec}
}

@article{concurrent_overview_chen_02,
 author = {Zhenqiang Chen and Baowen Xu and Jianjun Zhao},
 title = {{An overview of methods for dependence analysis of concurrent programs}},
 journal = {SIGPLAN Not.},
 volume = {37},
 number = {8},
 year = {2002},
 issn = {0362-1340},
 pages = {45--52},
 doi = {http://doi.acm.org/10.1145/596992.597003},
 publisher = {ACM Press},
}

@misc{ transformational_middelhoek_97,
  author = {P. Middelhoek},
  title = {{Transformational Design: an Architecture Independent Interactive Design
    Methodology for the Synthesis of Correct and Efficient Digital Systems}},
  school = {University of Twente, the Netherlands},
  year = {1997},
  url = {http://citeseer.nj.nec.com/middelhoek97transformational.html}
}

@inproceedings{HTG_polychronopoulos_91,
 author = {Constantine D. Polychronopoulos},
 title = {{The Hierarchical Task Graph and Its Use in Auto-Scheduling}},
 booktitle = {Proceedings of the 5th international conference on Supercomputing},
 year = {1991},
 isbn = {0-89791-434-1},
 pages = {252--263},
 location = {Cologne, West Germany},
 doi = {http://doi.acm.org/10.1145/109025.109089},
 publisher = {ACM Press},
}

@article{task_girkar_95,
 author = {Milind Girkar and Constantine D. Polychronopoulos},
 title = {{Extracting task-level parallelism}},
 journal = {ACM Trans. Program. Lang. Syst.},
 volume = {17},
 number = {4},
 year = {1995},
 issn = {0164-0925},
 pages = {600--634},
 doi = {http://doi.acm.org/10.1145/210184.210189},
 publisher = {ACM Press},
 }

@article{HCDG_kountouris_02,
 author = {Apostolos A. Kountouris and Christophe Wolinski},
 title = {{Efficient Scheduling of Conditional Behaviors for High-Level Synthesis}},
 journal = {ACM Trans. Des. Autom. Electron. Syst.},
 volume = {7},
 number = {3},
 year = {2002},
 issn = {1084-4309},
 pages = {380--412},
 doi = {http://doi.acm.org/10.1145/567270.567272},
 publisher = {ACM Press},
 }

@InProceedings{abstract_memory_braun_03,
  author = 	 {Gunnar Braun and Andreas Wieferink and Oliver Schliebusch and Rainer Leupers and Heinrich Meyr and Achim Nohl},
  title = 	 {{Processor/Memory Co-Exploration on Multiple Abstraction Levels}},
  booktitle = 	 {Design Automation and Test in Europe},
  pages =	 {10966--10973},
  year =	 2003,
  location =	 {Munich, Germany},
  month =	 {Mar},
  publisher =	 {IEEE Computer Society}
}

@article{dependence_survey_chen_02,
 author = {Zhenqiang Chen and Baowen Xu and Jianjun Zhao},
 title = {{An Overview of Methods for Dependence Analysis of Concurrent Programs}},
 journal = {SIGPLAN Not.},
 volume = {37},
 number = {8},
 year = {2002},
 issn = {0362-1340},
 pages = {45--52},
 doi = {http://doi.acm.org/10.1145/596992.597003},
 publisher = {ACM Press},
 }

@inproceedings{array_reference_gupta_93,
 author = {Evelyn Duesterwald and Rajiv Gupta and Mary Lou Soffa},
 title = {{A practical data flow framework for array reference analysis and its use in optimizations}},
 booktitle = {Proceedings of the ACM SIGPLAN 1993 conference on Programming language design and implementation},
 year = {1993},
 isbn = {0-89791-598-4},
 pages = {68--77},
 location = {Albuquerque, New Mexico, United States},
 doi = {http://doi.acm.org/10.1145/155090.155097},
 publisher = {ACM Press},
 }

@inproceedings{unify_dougherty_00,
 author = {William E. Dougherty and Donald E. Thomas},
 title = {{Unifying behavioral synthesis and physical design}},
 booktitle = {Proceedings of the 37th conference on Design automation},
 year = {2000},
 isbn = {1-58113-187-9},
 pages = {756--761},
 location = {Los Angeles, California, United States},
 doi = {http://doi.acm.org/10.1145/337292.337769},
 publisher = {ACM Press},
 }

@inproceedings{spatiotemporal_hudson_98,
    author = {Rhett D. Hudson and David Lehn and Jason Hess and James Atwell and David Moye and Ken Shiring and Peter Athanas},
    title = {{Spatio-Temporal Partitioning of Computational Structures onto Configurable Computing Machines}},
    booktitle = {Configurable Computing: Technology and Applications, Proc. {SPIE} 3526},
    publisher = {{SPIE} -- The International Society for Optical Engineering},
    address = {Bellingham, WA},
    editor = {John Schewel},
    pages = {62--71},
    year = {1998},
    url = {citeseer.nj.nec.com/hudson98spatiotemporal.html}
}

@inproceedings{graph_covers_guo_03,
 author = {Yuanqing Guo and Gerard J.M. Smit and Hajo Broersma and Paul M. Heysters},
 title = {{A Graph Covering Algorithm for a Coarse Grain Reconfigurable System}},
 booktitle = {Proceedings of the 2003 ACM SIGPLAN conference on Language, compiler, and tool for embedded systems},
 year = {2003},
 isbn = {1-58113-647-1},
 pages = {199--208},
 location = {San Diego, California, USA},
 doi = {http://doi.acm.org/10.1145/780732.780760},
 publisher = {ACM Press},
 }

@TechReport{PICO_NPA_synthesis_schreiber_00,
  author = 	 {Robert Schreiber and Shail Aditya and B. Ramakrishna Rau and
Vinod Kathail and Scott Mahlke and Santosh Abraham and Greg Snider},
  title = 	 {{High-Level Synthesis of Nonprogrammable Hardware Accelerators}},
  institution =  {Computer Systems and Technology Laboratory, HP Laboratories},
  year = 	 2000,
  number =	 {HPL-2000-31},
  address =	 {Palo Alto},
  month =	 {May}
}

@inproceedings{behavioral_estimates_hall_03,
 author = {Byoungro So and Pedro C. Diniz and Mary W. Hall},
 title = {{Using Estimates From Behavioral Synthesis Tools in Compiler-Directed Design Space Exploration}},
 booktitle = {Proceedings of the 40th conference on Design automation},
 year = {2003},
 isbn = {1-58113-688-9},
 pages = {514--519},
 location = {Anaheim, CA, USA},
 doi = {http://doi.acm.org/10.1145/775832.775963},
 publisher = {ACM Press},
 }

@InProceedings{bluespec_nikhil,
title={{Bluespec System Verilog: efficient, correct RTL from high level specifications}},
author={Rishiyur Nikhil},
booktitle={{Second ACM and IEEE International Conference on Formal Methods and Models for Co-Design}},
year=2004,
month={June},
volume={},
number={},
pages={ 69-70},
}


@InProceedings{pegasus-cash,
  author = 	 {Girish Venkataramani and Mihai Budiu and Tiberiu Chelcea and Seth Goldstein},
  title = 	 {{C to Asynchronous Dataflow Circuits: An End-to-End Toolflow}},
  booktitle = 	 {International Workshop on Logic \& Synthesis},
  pages =	 {501--508},
  year =	 2004,
  address =	 {Temecula, CA},
  month =	 {June}
}

@TechReport{pegasus-ir,
  author = 	 {Mihai Budiu and Seth Copen Goldstein},
  title = 	 {{Pegasus: An Efficient Intermediate Representation}},
  institution =  {School of Computer Science, Carnegie Mellon University},
  year = 	 2002,
  key =		 {CMU-CS-02-107},
  month =	 {April}
}

@Misc{suif,
  title =	 {{The SUIF 2 Compiler System}},
  note = 	 {http://suif.stanford.edu/suif/suif2/index.html}
}

@Misc{phoenix,
  title = {{The Phoenix Project}},
  note = {http://www.cs.cmu.edu/~phoenix/compiler.html}
}

@Misc{llvm,
  title =	 {{The LLVM Compiler Infrastructure}},
  note = 	 {http://llvm.org/}
}

@Misc{machsuif,
  title =	 {{MachSUIF}},
  note = 	 {http://www.eecs.harvard.edu/hube/software/}
}

@Misc{defacto,
  title =	 {{DEFACTO: Design Environment for Adaptive Computing Technology}},
  note = 	 {http://www.isi.edu/asd/defacto/}
}


@InProceedings{handel-c,
  author = 	 {Ian Page},
  title = 	 {{Closing the Gap between Hardware and Software:
                  Hardware-software cosynthesis at Oxford}},
  booktitle = 	 {IEE Colloquim on Hardware-Software Cosynthesis for Reconfigurable Systems},
  pages =	 {2/1--2/11},
  year =	 1996,
  month =	 {February}
}

@Book{systemc-book,
  author =	 {J. Bhaskar},
  title = 	 {{A SystemC Primer}},
  publisher = 	 {Star Galaxy Publications},
  year = 	 2002
}

@Misc{systemc-website,
  title =	 {{The Open SystemC Initiative}},
  note = 	 {http://www.systemc.org/}
}

@ARTICLE{esterel,
title={{The Esterel Language}},
author={Boussinot, F.; de Simone, R.},
journal={Proceedings of the IEEE},
year={Sep 1991},
volume={79},
number={9},
pages={1293-1304},
keywords={parallel programming, program compilers, program verification, programming environmentsESTEREL environment, ESTEREL formal semantics, ESTEREL reactive model, finite state sequential machines, instantaneous communications, mouse handler, simulation, synchronous parallel systems, validation tools, verification},
doi={10.1109/5.97299},
ISSN={0018-9219}, }

@Book{highlevel_gajski_92,
  author =	 {D. D. Gajski and Nikhil D. Dutt},
  title = 	 {{High-Level Synthesis: Introduction to Chip and System Design}},
  publisher = 	 {Kluwer Academic Publishers},
  year = 	 1992,
  month =	 {Feb}
}

@Misc{spark,
  title =	 {{SPARK: High-Level Synthesis using Parallelizing Compiler Techniques}},
  note = 	 {http://mesl.ucsd.edu/spark/}
}

@InProceedings{spark-vlsi-paper,
  author = 	 {Sumit Gupta and Nikil Dutt and Rajesh Gupta and Alex Nicolau},
  title = 	 {{SPARK : A High-Level Synthesis Framework For Applying Parallelizing Compiler Transformations}},
  booktitle = 	 {{International Conference on VLSI Design}},
  year =	 2003,
  month =	 {January}
}



@InProceedings{spark-code-motion,
  author = 	 {Sumit Gupta and Nick Savoiu and Nikil Dutt and
                  Rajesh Gupta and Alex Nicolau},
  title = 	 {{Using Global Code Motions to Improve the Quality       of Results for High-Level Synthesis}},
  booktitle = 	 {{IEEE Transactions On Computer-Aided Design Of Integrated Circuits And Systems}},
  year =	 2004,
  volume =	 23,
  number =	 2,
  month =	 {February}
}

@Book{muchnick,
  author =	 {Steven S. Muchnick},
  title = 	 {{Advanced Compiler Design and Implementation}},
  publisher = 	 {Morgan Kaufmann},
  year = 	 1997
}

@inproceedings{generalized_interconnect_ly_90,
 author = {Tai A. Ly and W. Lloyd Elwood and Emil F. Girczyc},
 title = {{A Generalized Interconnect Model for Data Path Synthesis}},
 booktitle = {Conference proceedings on 27th ACM/IEEE design automation conference},
 year = {1990},
 isbn = {0-89791-363-9},
 pages = {168--173},
 location = {Orlando, Florida, United States},
 doi = {http://doi.acm.org/10.1145/123186.123248},
 publisher = {ACM Press},
 }

@inproceedings{distrib_memory_huang_02,
 author = {Chao Huang and Srivaths Ravi and Anand Raghunathan and Niraj K. Jha},
 title = {{High-Level Synthesis of Distributed Logic-Memory Architectures}},
 booktitle = {Proceedings of the 2002 IEEE/ACM international conference on Computer-aided design},
 year = {2002},
 isbn = {0-7803-7607-2},
 pages = {564--571},
 location = {San Jose, California},
 doi = {http://doi.acm.org/10.1145/774572.774655},
 publisher = {ACM Press},
 }

@Book{opti_compiler_allen_kennedy_02,
  author =	 {Randy Allen and Ken Kennedy},
  title = 	 {{Optimizing Compilers for Modern Architectures}},
  publisher = 	 {Morgan Kaufmann Publishers},
  year = 	 2002
}

@Misc{cameron_single_assign_c,
  title =	 {{Cameron Project and Single Assignment C (SA-C)}},
  note =	 {http://www.cs.colostate.edu/cameron/}
}



@InCollection{SA-C,
  author = 	 {Sven-Bodo Scholz},
  title = 	 {{Single Assignment C -- Efficient Support for High-level Array Operations in a Functional Setting.}},
  booktitle = 	 {Journal of Functional Programming},
  pages =	 {1005--1059},
  publisher =	 {Cambridge University Press},
  year =	 2003
}

@article{scalar_replacement_carr_kennedy_94,
 author = {Steve Carr and Ken Kennedy},
 title = {{Scalar Replacement in the Presence of Conditional Control Flow}},
 journal = {Software - Practice and Experience},
 volume = {24},
 number = {1},
 year = {1994},
 issn = {0038-0644},
 pages = {51--77},
 publisher = {John Wiley \& Sons, Inc.},
 }

@inproceedings{data_reuse_irregular_access_achteren_lauwereins_00,
 author = {{Tanja Van Achteren} and Rudy Lauwereins and Francky Catthoor},
 title = {{Systematic Data Reuse Exploration Methodology for Irregular Access Patterns}},
 booktitle = {Proceedings of the 13th International Symposium on System Synthesis (ISSS'00)},
 year = {2000},
 isbn = {0-7695-0765-4},
 pages = {115},
 publisher = {IEEE Computer Society},
 }

@inproceedings{app_fixed_bsa_eeckhout_lauwereins_01,
 author = {Lieven Eeckhout and Tom Vander Aa and Bart Goeman and Hans Vandierendonck and Rudy Lauwereins and Koen {De Bosschere}},
 title = {{Application Domains for Fixed-Length Block Structured Architectures}},
 booktitle = {Proceedings of the 6th Australasian conference on Computer systems architecture},
 year = {2001},
 isbn = {0-7695-0954-1},
 pages = {35--44},
 location = {Queensland, Australia},
 publisher = {IEEE Computer Society},
 }

@Article{efficient_mux_mitra_avra_2000,
  author = 	 {Subhashish Mitra and LaNae J. Avra and Edward J. McCluskey},
  title = 	 {{Efficient Multiplexer Synthesis Techniques}},
  journal = 	 {IEEE Design and Test of Computers},
  year = 	 2000,
  month =	 {Oct-Dec}
}

@InProceedings{synch_control_synthesis_jung_2002,
  author = 	 {Hyunuk Jung and Kangnyoung Lee and Soonhoi Ha},
  title = 	 {{Efficient Hardware Controller Synthesis for Synchronous Dataflow Graph in System Level Design}},
  booktitle = 	 {IEEE Transactions on Very Large Scale Integration (VLSI) Systems},
  pages =	 {423--428},
  year =	 2002,
  volume =	 10,
  number =	 4,
  month =	 {Aug}
}

@InProceedings{layout_verif_isomorph_abadir_1990,
  author = 	 {M.S. Abadir and J. Ferguson},
  title = 	 {{An improved layout verification algorithm (LAVA)}},
  booktitle = 	 {Proceedings of the European Design Automation Conference},
  pages =	 {391--395},
  year =	 1990,
  month =	 {Mar}
}

@InProceedings{configure_execute_model_cardoso_03,
  author = 	 {Joao M. P. Cardoso and Markus Weinhardt},
  title = 	 {{From C Programs to the Configure-Execute Model}},
  booktitle = 	 {Proceedings of Design, Automation and Test in Europe},
  year =	 2003,
  month =	 {Mar}
}

@InProceedings{mapping_state_space_Rosien_03,
  author = 	 {Michel A. J. Rosien and Yuanqing Guo and Gerard J. M. Smit and Thijs Krol},
  title = 	 {{Mapping Applications to an FPFA Tile}},
  booktitle = 	 {Proceedings of Design, Automation and Test in Europe},
  year =	 2003,
  month =	 {Mar}
}

@InProceedings{highlevel_internal_wastage_molina_mendias_03,
  author = 	 {M. C. Molina, J. M. Mendias, R. Hermida},
  title = 	 {{High-Level Allocation to Minimize Internal Hardware Wastage}},
  booktitle = 	 {Proceedings of Design, Automation and Test in Europe},
  year =	 2003,
  month =	 {Mar}
}

@InProceedings{asic_fpga_zuchowski_reynolds_2002,
  author = 	 {P. S. Zuchowski and C. B. Reynolds and R. J. Grupp and S. G. Davis and B. Cremen and B. Troxel},
  title = 	 {{A Hybrid ASIC and FPGA Architecture}},
  booktitle = 	 {IEEE/ACM International Conference on Computer Aided Design},
  pages =	 {187--194},
  year =	 2002,
  month =	 {Nov}
}

@InProceedings{structured_asic_zahiri_2003,
  author = 	 {Behrooz Zahiri},
  title = 	 {{Structured ASICs: Opportunities and Challenges}},
  booktitle = 	 {21st International Conference on Computer Design},
  pages =	 {404--409},
  year =	 2003,
  month =	 {Oct}
}

@InProceedings{c_to_async_2004,
  author = 	 {Girish Venkataramani, Mihai Budiu, Tiberiu Chelcea and Seth Goldstein},
  title = 	 {{C to Asynchronous Dataflow Circuits: An End-to-End Toolflow}},
  booktitle = 	 {{International Workshop on Logic and Synthesis}},
  year =	 2004,
  location =	 {Temecula, CA}
}

@inproceedings{chimaera,
  author = {Zhi Alex Ye and Andreas Moshovos and Scott Hauck and Prithviraj Banerjee},
  title = {{CHIMAERA: A High-Performance Architecture With a Tightly-Coupled Reconfigurable Functional Unit}},
  booktitle = {{ISCA '00: Proceedings of the 27th annual international symposium on Computer architecture}},
  year = {2000},
  isbn = {1-58113-232-8},
  pages = {225--235},
  location = {Vancouver, British Columbia, Canada},
  doi = {http://doi.acm.org/10.1145/339647.339687},
  publisher = {ACM Press},
  address = {New York, NY, USA},
}

@inproceedings{program_dependence_web_ballance_maccabe_ottenstein_1990,
  author = {Karl J. Ottenstein and Robert A. Ballance and Arthur B. MacCabe},
  title = {{The Program Dependence Web: A Representation Supporting Control-, Data-, And Demand-Driven Interpretation of Imperative Languages}},
  booktitle = {{PLDI '90: Proceedings of the ACM SIGPLAN 1990 conference on Programming language design and implementation}},
  year = {1990},
  isbn = {0-89791-364-7},
  pages = {257--271},
  location = {White Plains, New York, United States},
  doi = {http://doi.acm.org/10.1145/93542.93578},
  publisher = {ACM Press},
  address = {New York, NY, USA},
}

@article{micropipelines,
  author = {I. E. Sutherland},
  title = {Micropipelines},
  journal = {Commun. ACM},
  volume = {32},
  number = {6},
  year = {1989},
  issn = {0001-0782},
  pages = {720--738},
  doi = {http://doi.acm.org/10.1145/63526.63532},
  publisher = {ACM Press},
  address = {New York, NY, USA},
}

@InProceedings{petri-net,
  author = 	 {Tadao Murata},
  title = 	 {{Petri Nets: Properties, Analysis and Applications}},
  booktitle = 	 {{Proceedings of the IEEE}},
  year =	 1989,
  volume =	 77,
  number =	 4
}

@InCollection{fpfa_chameleon_smit_havinga_rosien_2002,
  author = 	 {Gerard J.M. Smit and Paul J.M. Havinga and Lodewijk T. Smit and Paul M. Heysters and Michel A.J. Rosien},
  title = 	 {{Dynamic Reconfiguration in Mobile Systems}},
  booktitle = 	 {Lecture Notes in Computer Science},
  pages =	 171,
  publisher =	 {Springer Berlin / Heidelberg},
  year =	 2002,
  volume =	 2438,
  month =	 {Jan}
}

@InProceedings{synch_dataflow_lee_1987,
  author = 	 {Edward A. Lee and David G. Messerschmitt},
  title = 	 {{Synchronous Data Flow}},
  booktitle =	 {Proceedings of the IEEE},
  pages =	 {1235--1245},
  year =	 1987,
  volume =	 75,
  number =	 9,
  month =	 {Sep}
}

@Article{dataflow_davis_keller_1982,
  author = 	 {Alan L. Davis and Robert M. Keller},
  title = 	 {{Data Flow Program Graphs}},
  pages =	 {26--41},
  journal = 	 {Computer},
  year = 	 1982,
  volume =	 15,
  number =	 2,
  month =	 {Feb}
}


@TechReport{equivalence_sameer_2006,
  author = 	 {Sameer D. Sahasrabuddhe},
  title = 	 {{Equivalence Between an Input CDFG and the Generated AHIR Specification}},
  month =	 {October},
  year = 	 2006,
  institution =  {IIT Bombay},
}

@InProceedings{a5_galanis_2004,
  author = 	 {G. Kostopoulos and N. Sklavos and M. D. Galanis and O. Koufopavlou},
  title = 	 {{VLSI Implementation of GSM Security: A5/1 and W7 Ciphers}},
  booktitle = 	 {{International IEEE Workshop on Wireless Circuits and Systems}},
  year =	 2004,
  month =	 {May}
}

@MastersThesis{prakalp_2008,
  author = 	 {Prakalp Somawanshi},
  title = 	 {{A Hardware Implementation of Cryptographic Ciphers}},
  school = 	 {Dept. of Electrical Engineering, IIT Bombay},
  year = 	 2008
}

@book{numerical_recipes,
 author = {William H. Press and Saul A. Teukolsky and William T. Vetterling and Brian P. Flannery},
 title = {{Numerical recipes in C (2nd ed.): the art of scientific computing}},
 year = {1992},
 isbn = {0-521-43108-5},
 publisher = {Cambridge University Press},
 }


@Misc{linpack,
  author =	 {Jack J. Dongarra and Piotr Luszczek and Antoine Petitet},
  title =	 {{The LINPACK Benchmark: past, present and future}},
  note = {Available online: http://www.netlib.org/utk/people/JackDongarra/PAPERS/hpl.pdf},
  month =	 {December},
  year =	 2001
}

@Misc{libredblack,
  author =	 {Damian Ivereigh},
  title =	 {{RedBlack Balanced Tree Searching and Sorting Library}},
  note =	 {http://libredblack.sourceforge.net/}
}

@PhdThesis{gautam,
  author = 	 {Gautam Hazari},
  title = 	 {{Bottleneck Analysis and Performance Modeling of VLSI Memory Sub-systems}},
  school = 	 {Department of Electrical Engineering, IIT Bombay},
  year = 	 2009,
  note =	 {Proposed for submission in 2009}
}

@InProceedings{bluespec-memo,
  author = 	 {Arvind and Rishiyur Nikhil and Daniel Rosenband and Nirav Dave},
  title = 	 {{High-level synthesis: An Essential Ingredient for Designing Complex ASICs}},
  booktitle = 	 {{International Conference on Computer Aided Design (ICCAD 2004)}},
  year =	 2004,
  month =	 {November}
}

@MastersThesis{anurag,
  author = 	 {Anurag Singla},
  title = 	 {{Memory Access Pattern Analysis}},
  school = 	 {Department of Electrical Engineering, IIT Bombay},
  year = 	 2008,
  month =	 {June}
}



@InCollection{aes_good_2005,
  author = 	 {Tim Good and Mohammed Benaissa},
  title = 	 {{AES on FPGA from the Fastest to the Smallest}},
  booktitle = 	 {{Cryptographic Hardware and Embedded Systems - CHES 2005}},
  publisher =	 {Springer Berlin / Heidelberg},
  year =	 2005,
  volume =	 {3659/2005},
  series =	 {Lecture Notes in Computer Science},
  month =	 {September},
  pages =	 {427--440}
}

@InCollection{functional_synthesis_TASS_amellal_kaminska_1994,
  author = 	 {Said Amellal and Bozena Kaminska},
  title = 	 {{Functional Synthesis of Digital Systems with TASS}},
  booktitle = 	 {{IEEE Transactions on Computer-Aided Design of Integrated Circuits and Systems}},
  pages =	 {537--552},
  publisher =	 {IEEE},
  year =	 1994,
  volume =	 13,
  number =	 5,
  month =	 {May}
}

@InProceedings{flow_graph_orailoglu_1986,
  author = 	 {Daniel D. Gajzki and Alex Orailoglu},
  title = 	 {{Flow Graph Representation}},
  booktitle = 	 {Proceedings of the 23rd Design Automation Conference},
  pages =	 {503--509},
  year =	 1986,
  organization = {IEEE}
}

@InProceedings{DFG_standard_eijndhoven_1992,
  author = 	 {Jos T.J. van Eijndhoven and Leon Stok},
  title = 	 {{A Data Flow Graph Exchange Standard}},
  booktitle = 	 {Proceedings of the 3rd European Conference on Design
                  Automation},
  pages =	 {193--199},
  year =	 1992,
  organization = {IEEE}
}

@InProceedings{DFG_jong_1991,
  author = 	 {Gjalt G.de Jong},
  title = 	 {{Data Flow Graphs: System Specification With the Most Unrestricted Semantics}},
  booktitle = 	 {Proceedings of the European Conference on Design Automation},
  pages =	 {401--405},
  year =	 1991,
  organization = {IEEE}
}

@InProceedings{conditional_branches_rim_jain_1992,
  author = 	 {Minjoong Rim and Rajiv Jain},
  title = 	 {{Representing Conditional Branches for High-Level Synthesis Applications}},
  booktitle = 	 {{Proceedings of the 29th ACM/IEEE Design Automation Conference}},
  pages =	 {106--111},
  year =	 1992
}

@InProceedings{area_prediction_xu_kurdahi_1999,
  author = 	 {Min Xu and Fadi J. Kurdahi},
  title = 	 {{Accurate Prediction of Quality Metrics for Logic Level Designs Targeted Toward      Lookup-Table-Based FPGA's}},
  booktitle = 	 {IEEE Transactions on Very Large Scale Integration (VLSI) Systems},
  pages =	 {411--418},
  year =	 1999,
  volume =	 7,
  number =	 4,
  month =	 {December}
}

@InCollection{intel-P4,
  author = 	 {Glenn Hinton and Dave Sager and Mike Upton and
                  Darrell Boggs and Doug Carmean and Alan Kyker and Patrice Roussel},
  title = 	 {The Microarchitecture of the Pentium 4 Processor},
  booktitle = 	 {Intel Technology Journal},
  publisher =	 {Intel Corporation},
  year =	 2001,
  editor =	 {Lin Chao},
  volume =	 5,
  number =	 1,
  month =	 {February}
}

@InProceedings{gajski-executable-specification,
  author = 	 {Daniel D. Gajski and Frank Vahid and Sanjiv Narayan},
  title = 	 {{A System-Design Methodology: Executable-Specification
                   Refinement}},
  booktitle = 	 {European Design and Test Conference (ED\&TC) 94},
  pages =	 {458-463},
  year =	 1994,
  month =	 {February}
}

@TechReport{kunal_sreeni_2009,
  author = 	 {Kunal P. Ghosh and Sreenivas Subramanian},
  title = 	 {{Power / Delay Estimation of Auto Generated Circuits}},
  institution =  {Department of Electrical Engineering, IIT Bombay},
  year = 	 2009,
  month =	 {April}
}

@PhdThesis{ahir_thesis,
  author = 	 {Sameer D. Sahasrabuddhe},
  title = 	 {A competitive pathway from high-level programs to hardware.},
  school = 	 {IIT Bombay},
  year = 	 2009
}


@Misc{OSU,
  title = {{The OSU Standard Cell Library}},
  note = {http://vcag.ecen.okstate.edu/projects/scells/}
}

@TechReport{CACTI,
  author = 	 {Premkishore Shivakumar and Norman P. Jouppi},
  title = 	 {{Cacti 3.0: An Integrated Cache Timing, Power and Area Model}},
  institution =  {Western Research Laboratory, Palo Alto},
  year = 	 2001,
  month =	 {August}
}

@Misc{ref:Atom,
  title = {{The Intel Atom N270}},
  note = {http://www.intel.com/products/processor/atom}
}

@Misc{ref:LLVM,
  title = {{The LLVM Compiler Infrastructure}},
  note = {http://www.llvm.org}
}

@inproceedings{ref:Frank,
 author = {Frank, David J. and Puri, Ruchir and Toma, Dorel},
 title = {{Design and CAD challenges in 45nm CMOS and beyond}},
 booktitle = {ICCAD '06: Proceedings of the 2006 IEEE/ACM international conference on Computer-aided design},
 year = {2006},
 isbn = {1-59593-389-1},
 pages = {329--333},
 location = {San Jose, California},
 doi = {http://doi.acm.org/10.1145/1233501.1233567},
 publisher = {ACM},
 address = {New York, NY, USA},
 }
